

@misc{IBGE:2010, 
	author = {IBGE},
	title = {Instituto Brasileiro de Geografia e Estatística - Censo Demográfico 2010}, 
	howpublished =	{http://www.ibge.gov.br/home/estatistica/populacao/censo2010/},
	month = {11},
	year = {2010}, 
	Url = {http://www.ibge.gov.br/home/estatistica/populacao/censo2010/},
	Urlacessdate = {02 fev. 2010},
}